<record><leader>00000cas a22000007a 4500</leader><controlfield tag="001">35171585</controlfield><controlfield tag="008">960731d19521958cauer ne      0    0eng d</controlfield><datafield ind1=" " ind2=" " tag="010"><subfield code="a">sn 96064429 </subfield></datafield><datafield ind1=" " ind2=" " tag="040"><subfield code="a">CNK</subfield><subfield code="b">eng</subfield><subfield code="c">CNK</subfield><subfield code="d">OCLCQ</subfield><subfield code="d">OCLCF</subfield><subfield code="d">OCLCO</subfield></datafield><datafield ind1="1" ind2=" " tag="029"><subfield code="a">AU@</subfield><subfield code="b">000012745949</subfield></datafield><datafield ind1=" " ind2=" " tag="042"><subfield code="a">msc</subfield></datafield><datafield ind1=" " ind2=" " tag="043"><subfield code="a">n-us-ca</subfield></datafield><datafield ind1="0" ind2="0" tag="245"><subfield code="a">Southwest Jewish press.</subfield></datafield><datafield ind1="1" ind2="3" tag="246"><subfield code="a">Southwestern Jewish press</subfield></datafield><datafield ind1=" " ind2=" " tag="260"><subfield code="a">San Diego, Calif. :</subfield><subfield code="b">Maxwell Kaufman</subfield></datafield><datafield ind1=" " ind2=" " tag="300"><subfield code="a">v.</subfield></datafield><datafield ind1=" " ind2=" " tag="310"><subfield code="a">Biweekly</subfield></datafield><datafield ind1="0" ind2=" " tag="362"><subfield code="a">Vol. 36, no. 83 (Sept. 18, 1952)-v. 17, no. 14 (July 25, 1958).</subfield></datafield><datafield ind1=" " ind2=" " tag="500"><subfield code="a">"Incorporating the Bulletin."</subfield></datafield><datafield ind1=" " ind2=" " tag="580"><subfield code="a">Merged with: Heritage (Los Angeles, Calif.): to become: Southwest Jewish press heritage, and: Heritage Southwest Jewish press.</subfield></datafield><datafield ind1=" " ind2="0" tag="650"><subfield code="a">Jewish newspapers</subfield><subfield code="z">California.</subfield></datafield><datafield ind1=" " ind2="0" tag="651"><subfield code="a">San Diego (Calif.)</subfield><subfield code="v">Newspapers.</subfield></datafield><datafield ind1=" " ind2="7" tag="655"><subfield code="a">Newspapers.</subfield><subfield code="2">fast</subfield><subfield code="0">(OCoLC)fst01423814</subfield></datafield><datafield ind1=" " ind2="7" tag="650"><subfield code="a">Jewish newspapers.</subfield><subfield code="2">fast</subfield><subfield code="0">(OCoLC)fst00982872</subfield></datafield><datafield ind1=" " ind2="7" tag="651"><subfield code="a">California.</subfield><subfield code="2">fast</subfield><subfield code="0">(OCoLC)fst01204928</subfield></datafield><datafield ind1=" " ind2="7" tag="651"><subfield code="a">California</subfield><subfield code="z">San Diego.</subfield><subfield code="2">fast</subfield><subfield code="0">(OCoLC)fst01205232</subfield></datafield><datafield ind1=" " ind2=" " tag="752"><subfield code="a">United States</subfield><subfield code="b">California</subfield><subfield code="c">San Diego</subfield><subfield code="d">San Diego.</subfield></datafield><datafield ind1="0" ind2="0" tag="780"><subfield code="t">Southwestern Jewish press</subfield><subfield code="w">(DLC)sn 95068788</subfield></datafield><datafield ind1="1" ind2="7" tag="785"><subfield code="t">Heritage (Los Angeles, Calif.)</subfield><subfield code="w">(DLC)sn 89070117</subfield></datafield><datafield ind1="1" ind2="7" tag="785"><subfield code="t">Southwest Jewish press heritage</subfield><subfield code="w">(DLC)sn 96064430</subfield></datafield><datafield ind1="1" ind2="7" tag="785"><subfield code="t">Heritage Southwest Jewish press</subfield><subfield code="w">(DLC)sn 96064431</subfield></datafield></record>